<record><leader>00000cas a22000007a 4500</leader><controlfield tag="001">16118366</controlfield><controlfield tag="008">870701d1921197uinuwr ne      0    0eng d</controlfield><datafield ind1=" " ind2=" " tag="010"><subfield code="a">sn 87056585 </subfield></datafield><datafield ind1=" " ind2=" " tag="040"><subfield code="a">NPI</subfield><subfield code="b">eng</subfield><subfield code="c">NPI</subfield><subfield code="d">OCLCQ</subfield><subfield code="d">J9U</subfield></datafield><datafield ind1="7" ind2=" " tag="016"><subfield code="a">000276247</subfield><subfield code="2">IsJJNL</subfield></datafield><datafield ind1=" " ind2=" " tag="019"><subfield code="a">241576024</subfield></datafield><datafield ind1=" " ind2=" " tag="042"><subfield code="a">msc</subfield></datafield><datafield ind1="0" ind2="4" tag="245"><subfield code="a">The Indiana Jewish chronicle.</subfield></datafield><datafield ind1=" " ind2=" " tag="260"><subfield code="a">Indianapolis, Ind. :</subfield><subfield code="b">Nathan J. Gould</subfield></datafield><datafield ind1=" " ind2=" " tag="310"><subfield code="a">Weekly</subfield></datafield><datafield ind1="1" ind2=" " tag="362"><subfield code="a">Began with July 1, 1921 issue.</subfield></datafield><datafield ind1=" " ind2=" " tag="588"><subfield code="a">Description based on: Vol. 5, no. 2 (May 12, 1922).</subfield></datafield><datafield ind1=" " ind2=" " tag="752"><subfield code="a">United States</subfield><subfield code="b">Indiana</subfield><subfield code="c">Marion</subfield><subfield code="d">Indianapolis.</subfield></datafield></record>